@article{will_archer_arentz_classifying_nodate,
	title = {Classifying offensive sites based on image content},
	author = {{Will Archer Arentz} {,} {Bjørn Olstad}}
}

@article{radhouane_guermazi_combining_2007,
	title = {Combining Classifiers for Web Violent Content Detection and Filtering},
	journaltitle = {Sfax Tunisie},
	author = {{Radhouane Guermazi} {,} {Mohamed Hammami} and {Abdelmajid Ben Hamadou}},
	date = {2007-07}
}

@article{giuseppe_amato_detection_2009,
	title = {Detection of Images with Adult Content for Parental Control on Mobile Devices},
	author = {{Giuseppe Amato} {,} {Pablo Bolettieri} {,} {Gabriele Costa} {,} {Francesco la Torre} {,} {Fabio Martinelli}},
	date = {2009-04},
	keywords = {Mobile, Security}
}

@article{mohammad_reza_mahmoodi_high_nodate,
	title = {High Performance Novel Skin Segmentation Algorithm for Images With Complex Background},
	author = {{Mohammad Reza Mahmoodi}}
}

@article{jonathan_zittrain_internet_2003,
	title = {Internet Filtering in China},
	author = {{Jonathan Zittrain} and {Benjamin Edelman}},
	date = {2003-03}
}

@book{piotr_luczuk_cyberwojna_2016,
	title = {Cyberwojna},
	isbn = {978-83-7553-233-3},
	author = {{Piotr Łuczuk}},
	date = {2016}
}

@misc{j._postel_domain_1984,
	title = {Domain Requirements},
	publisher = {Network Working Group},
	author = {{J. Postel} and {J. Reynolds}},
	date = {1984-10}
}

@misc{p._mockapetris_domain_1987,
	title = {{Domain} {Names} - {Concepts} {and} {Facilities}},
	url = {https://tools.ietf.org/html/rfc1034},
	author = {{P. Mockapetris}},
	date = {1987-11}
}

@article{p._mockapetris_domain2_1987,
	title = {Domain Names - Implementation And Specification},
	url = {https://tools.ietf.org/html/rfc1035},
	author = {{P. Mockapetris}},
	date = {1987-11}
}

@book{donald_e._knuth_art_2002,
	location = {Warszawa},
	title = {The Art of Computer Programming},
	volume = {3},
	isbn = {83-204-2554-9},
	author = {{Donald E. Knuth}},
	date = {2002}
}

@article{yakov_rekhter_dynamic_1997,
	title = {Dynamic Updates in the Domain Name System ({DNS} {UPDATE})},
	url = {https://tools.ietf.org/html/rfc2136},
	author = {{Yakov Rekhter} and {Susan Thomson} and {Jim Bound} and {Paul Vixie}},
	date = {1997-04}
}

@book{r._elz_clarifications_1997,
	title = {Clarifications to the {DNS} Specification},
	url = {https://tools.ietf.org/html/rfc2181},
	author = {{R. Elz} and {R. Bush}},
	date = {1997-07}
}

@article{d._eastlake_3rd_domain_1997,
	title = {Domain Name System Security Extensions},
	url = {https://tools.ietf.org/html/rfc2065},
	author = {{D. Eastlake, 3rd} and {C. Kaufman}},
	date = {1997-01}
}

@online{noauthor_dictionary.com_2018,
	title = {Dictionary.com},
	url = {http://www.dictionary.com/},
	date = {2018-07}
}

@article{john_g._palfrey_jr._four_2010,
	title = {Four Phases of Internet Regulation},
	url = {http://workspace.unpan.org/sites/internet/documents/S00010%20Four%20Phases%20of%20Internet%20Regulation.pdf},
	journaltitle = {Harvard Law School},
	author = {{John G. Palfrey, Jr.}},
	date = {2010-08-11}
}


@article{paul_greenfield_netalert_2001,
	title = {{NetAlert} and the Australian Broadcasting Authority},
	url = {http://www.security-science.com/pdf/effectiveness-of-internet-filtering-software-products.pdf},
	journaltitle = {{CSIRO} Mathematical and Information Sciences},
	author = {{Paul Greenfield} and {Peter Rickwood} and {Huu Cuong Tran}},
	date = {2001-09}
}


